<?xml version="1.0" encoding="UTF-8"?><record xmlns="http://www.loc.gov/MARC21/slim" xmlns:cinclude="http://apache.org/cocoon/include/1.0" xmlns:zs="http://www.loc.gov/zing/srw/">
  <leader>00856cz  a2200193n  4500</leader>
  <controlfield tag="001">n  89142660 </controlfield>
  <controlfield tag="003">DLC</controlfield>
  <controlfield tag="005">20060224071252.0</controlfield>
  <controlfield tag="008">900330n| acannaabn          |n ana      </controlfield>
  <datafield tag="010" ind1=" " ind2=" ">
    <subfield code="a">n  89142660 </subfield>
  </datafield>
  <datafield tag="035" ind1=" " ind2=" ">
    <subfield code="a">(OCoLC)oca02713369</subfield>
  </datafield>
  <datafield tag="040" ind1=" " ind2=" ">
    <subfield code="a">DLC</subfield>
    <subfield code="b">eng</subfield>
    <subfield code="c">DLC</subfield>
    <subfield code="d">DLC</subfield>
    <subfield code="d">OCoLC</subfield>
  </datafield>
  <datafield tag="043" ind1=" " ind2=" ">
    <subfield code="a">a-ja---</subfield>
  </datafield>
  <datafield tag="151" ind1=" " ind2=" ">
    <subfield code="a">Hamatama-chō (Japan)</subfield>
  </datafield>
  <datafield tag="670" ind1=" " ind2=" ">
    <subfield code="a">Hamatama chōshi, 1989- :</subfield>
    <subfield code="b">v. 1, t.p. (Hamatama-chō)</subfield>
  </datafield>
  <datafield tag="670" ind1=" " ind2=" ">
    <subfield code="a">Zenkoku shichōson yōran, 1984</subfield>
    <subfield code="b">(Hamatama-chō; in 1956 Hamazaki-chō [no publs. in LC data base] and Tamashima-mura [no publs. in LC data base] merged to be Hamazakitamashima-machi [no publs. in LC data base]; name changed to Hamatama-chō in 1966; Saga-ken Higashimatsuura-gun Hamatama-chō)</subfield>
  </datafield>
  <datafield tag="670" ind1=" " ind2=" ">
    <subfield code="a">Nihon chimei d.j.</subfield>
    <subfield code="b">(Hamatama-chō)</subfield>
  </datafield>
  <datafield tag="670" ind1=" " ind2=" ">
    <subfield code="a">Nihon bunken chizu, 1989</subfield>
    <subfield code="b">(Hamatama-chō)</subfield>
  </datafield>
  <datafield tag="781" ind1=" " ind2="0">
    <subfield code="z">Japan</subfield>
    <subfield code="z">Hamatama-chō</subfield>
  </datafield>
</record>